@book{Bol_2016,
	author = {Bolanos, S},
	title = {Metaproceso de Software},
	date = {2016},
}
@book{houtart2004globalizacion,
  title={Globalizaci{\'o}n, agricultura y pobreza},
  author={Houtart, F.},
  isbn={9789978224496},
  url={https://books.google.com.co/books?id=n068wU84BxEC},
  year={2004},
  publisher={Abya-Yala}
}

